
@article{wager2018,
	title = {Estimation and Inference of Heterogeneous Treatment Effects using Random Forests},
	author = {Wager, Stefan and Athey, Susan},
	year = {2018},
	month = {06},
	date = {2018-06-06},
	journal = {Journal of the American Statistical Association},
	pages = {1228--1242},
	volume = {113},
	number = {523},
	doi = {10.1080/01621459.2017.1319839},
	url = {http://dx.doi.org/10.1080/01621459.2017.1319839},
	langid = {en}
}

@article{breiman2001,
	author = {Breiman, Leo},
	year = {2001},
	date = {2001},
	journal = {Machine Learning},
	pages = {5--32},
	volume = {45},
	number = {1},
	doi = {10.1023/a:1010933404324},
	url = {http://dx.doi.org/10.1023/A:1010933404324}
}

@article{wager2013,
	title = {Confidence Intervals for Random Forests: The Jackknife and the Infinitesimal Jackknife},
	author = {Wager, Stefan and Hastie, Trevor and Efron, Bradley},
	year = {2013},
	date = {2013},
	doi = {10.48550/ARXIV.1311.4555},
	url = {https://arxiv.org/abs/1311.4555}
}
